<?xml version="1.0" encoding="UTF-8"?><collection xmlns="http://www.loc.gov/MARC21/slim"><record><leader>00553nam--2200181-i-4500</leader><controlfield tag="001">000031061</controlfield><controlfield tag="002">20161230</controlfield><controlfield tag="005">20161230201038</controlfield><controlfield tag="008">060222s1000------------r-----000-0-ger-d</controlfield><datafield ind1=" " ind2=" " tag="040"><subfield code="a">IFIN-HH</subfield></datafield><datafield ind1=" " ind2=" " tag="041"><subfield code="a">ger</subfield></datafield><datafield ind1=" " ind2=" " tag="080"><subfield code="a">539.171(043)</subfield></datafield><datafield ind1="1" ind2=" " tag="100"><subfield code="a">Locher, Milan Paul</subfield></datafield><datafield ind1="1" ind2="0" tag="245"><subfield code="a">Bremsstrahlung, radiative corrections and pion-production in muon-proton scattering</subfield><subfield code="b">Dissertation</subfield><subfield code="c">Milan paul locher</subfield></datafield><datafield ind1=" " ind2=" " tag="260"><subfield code="a">Bern</subfield><subfield code="b">Philosophisch-naturwissenschaftlichen Fakultat</subfield><subfield code="c">1964</subfield></datafield><datafield ind1=" " ind2=" " tag="300"><subfield code="a">13P</subfield></datafield><datafield ind1=" " ind2=" " tag="852"><subfield code="a">77058</subfield><subfield code="c">539.17</subfield></datafield><datafield ind1=" " ind2=" " tag="CAT"><subfield code="a">Sys</subfield><subfield code="c">20120626</subfield><subfield code="h">122208</subfield></datafield></record></collection>